@inproceedings{Haeberli2013,
  title        = {Glacial Responses to Climate Change},
  author       = {W Haeberli and C Huggel and F Paul and M Zemp},
  booktitle    = {Treatise on Geomorphology, Eds John F. Shroder},
  pages        = {153-171},
  year         = {2013},
  organization = {}
}

@article{Davies2021,
  title   = {Geomorphology and Natural Hazards: Understanding Landscape Change for Disaster Mitigation},
  author  = {Timothy R. Davies and Oliver Korup and John J. Clague},
  journal = {American Geophysical Union},
  doi     = {},
  volume  = {},
  number  = {},
  pages   = {576},
  year    = {2021}
}

@article{Kritikos2013,
  title   = {Geomorphic Hazard Analyses in Tectonically-Active Mountains:
Application to the Western Southern Alps, New Zealand},
  author  = {Theodosios Kritikos},
  journal = {PhD thesis, University of Canterbury},
  doi     = {},
  volume  = {},
  number  = {},
  pages   = {302},
  year    = {2013}
}

@article{ZHAO2024291,
title = {Landslide spatial prediction using cluster analysis},
journal = {Gondwana Research},
volume = {130},
pages = {291-307},
year = {2024},
issn = {1342-937X},
doi = {https://doi.org/10.1016/j.gr.2024.02.006},
url = {https://www.sciencedirect.com/science/article/pii/S1342937X24000510},
author = {Zheng Zhao and Hengxing Lan and Langping Li and Alexander Strom},
}

@article{CHANG2023101619,
title = {An updating of landslide susceptibility prediction from the perspective of space and time},
journal = {Geoscience Frontiers},
volume = {14},
number = {5},
pages = {101619},
year = {2023},
issn = {1674-9871},
doi = {https://doi.org/10.1016/j.gsf.2023.101619},
url = {https://www.sciencedirect.com/science/article/pii/S1674987123000865},
author = {Zhilu Chang and Faming Huang and Jinsong Huang and Shui-Hua Jiang and Yuting Liu and Sansar Raj Meena and Filippo Catani},
}

@article{anselin1988spatial,
  title={Do spatial effecfs really matter in regression analysis?},
  author={Anselin, Luc and Griffith, Daniel A},
  journal={Papers in Regional Science},
  volume={65},
  number={1},
  pages={11--34},
  year={1988},
  publisher={Elsevier}
}

@article{Irasema2002,
  title   = {Geomorphology, natural hazards, vulnerability and preventionof natural disasters in developing countries},
  author  = {Irasema Alcántara-Ayala},
  journal = {Geomorphology},
  doi     = {},
  volume  = {47},
  number  = {},
  pages   = {107-124},
  year    = {2002}
}

@article{Irasema2002,
  title   = {Geomorphology, natural hazards, vulnerability and preventionof natural disasters in developing countries},
  author  = {Irasema Alcántara-Ayala},
  journal = {Geomorphology},
  doi     = {},
  volume  = {47},
  number  = {},
  pages   = {107-124},
  year    = {2002}
}

@article{Wobus2006,
  title={Tectonics from topography: Procedures, promise, and pitfalls},
  author={Cameron W. Wobus and Kelin X. Whipple and Eric Kirby and Noah P. Snyder and Joel P. L. Johnson and Katerina Spyropolou and Benjamin T. Crosby and Daniel D Sheehan},
  year={2006},
  journal={Special Paper of the Geological Society of America 398, Tectonics, Climate, and Landscape Evolution, Sean D. Willett, Niels Hovius, Mark T. Brandon, Donald M. Fisher},
  doi={https://doi.org/10.1130/2006.2398(04)}
}

@article{Whittaker2012,
    author = {Whittaker, Alexander C.},
    title = {How do landscapes record tectonics and climate?},
    journal = {Lithosphere},
    volume = {4},
    number = {2},
    pages = {160-164},
    year = {2012},
    month = {04},
    issn = {1941-8264},
    doi = {10.1130/RF.L003.1},
    url = {https://doi.org/10.1130/RF.L003.1},
    eprint = {https://pubs.geoscienceworld.org/gsa/lithosphere/article-pdf/4/2/160/3050354/160.pdf},
}

@article{Whipple2004,
  title={Bedrock rivers and the geomorphology of active orogens},
  author={Whipple, Kelin X},
  journal={Annu. Rev. Earth Planet. Sci.},
  volume={32},
  pages={151--185},
  year={2004},
  publisher={Annual Reviews}
}

@article{Mudd2014,
  title={A statistical framework to quantify spatial variation in channel gradients using the integral method of channel profile analysis},
  author={Mudd, Simon M and Attal, Mika{\"e}l and Milodowski, David T and Grieve, Stuart WD and Valters, Declan A},
  journal={Journal of Geophysical Research: Earth Surface},
  volume={119},
  number={2},
  pages={138--152},
  year={2014},
  publisher={Wiley Online Library}
}

@article{Perron2013,
  title={An integral approach to bedrock river profile analysis},
  author={Perron, J Taylor and Royden, Leigh},
  journal={Earth surface processes and landforms},
  volume={38},
  number={6},
  pages={570--576},
  year={2013},
  publisher={Wiley Online Library}
}

@article{Howard1983,
  title={Channel changes in badlands},
  author={Howard, Alan D and Kerby, Gordon},
  journal={Geological Society of America Bulletin},
  volume={94},
  number={6},
  pages={739--752},
  year={1983},
  publisher={Geological Society of America}
}

@article{Whipple1999,
  title={Dynamics of the stream-power river incision model: Implications for height limits of mountain ranges, landscape response timescales, and research needs},
  author={Whipple, Kelin X and Tucker, Gregory E},
  journal={Journal of Geophysical Research: Solid Earth},
  volume={104},
  number={B8},
  pages={17661--17674},
  year={1999},
  publisher={Wiley Online Library}
}

@article{Flint1974,
  title={Stream gradient as a function of order, magnitude, and discharge},
  author={Flint, Jean-Jacques},
  journal={Water Resources Research},
  volume={10},
  number={5},
  pages={969--973},
  year={1974},
  publisher={Wiley Online Library}
}

@article{Lague2014,
  title={The stream power river incision model: evidence, theory and beyond},
  author={Lague, Dimitri},
  journal={Earth Surface Processes and Landforms},
  volume={39},
  number={1},
  pages={38--61},
  year={2014},
  publisher={Wiley Online Library}
}

@article{Glade2005,
  title={Linking debris-flow hazard assessments with geomorphology},
  author={Glade, Thomas},
  journal={Geomorphology},
  volume={66},
  number={1-4},
  pages={189--213},
  year={2005},
  publisher={Elsevier}
}

@article{Gares1994,
  title={Geomorphology and natural hazards},
  author={Gares, Paul A and Sherman, Douglas J and Nordstrom, Karl F},
  journal={Geomorphology},
  volume={10},
  pages={1-18},
  year={1994},
  publisher={Elsevier}
}

@article{Willett2014,
  title={Dynamic reorganization of river basins},
  author={Willett, Sean D and McCoy, Scott W and Perron, J Taylor and Goren, Liran and Chen, Chia-Yu},
  journal={Science},
  volume={343},
  number={6175},
  pages={1248765},
  year={2014},
  publisher={American Association for the Advancement of Science}
}

@article{Cerd2021,
  title={The Human Cost of Disasters: An Overview of the Last 20 Years (2000–2019).},
  author={Centre for Research on the Epidemiology of Disasters (CERD) and United Nations Office for Disaster Risk Reduction (UNDRR)},
  journal={Available online: https://www.undrr.org/media/48008/download (accessed on 18 October 2021)},
  volume={},
  number={},
  pages={},
  year={2021},
  publisher={}
}

@article{Cediel2003,
  title={Tectonic assembly of the northern Andean block},
  author={Cediel, Fabio and Shaw, Robert P and Cceres, Carlos},
  year={2003},
  journal={AAPG Special Volumes}
}

@article{Poveda2011,
  title={Hydro-climatic variability over the Andes of Colombia associated with ENSO: a review of climatic processes and their impact on one of the Earth’s most important biodiversity hotspots},
  author={Poveda, Germ{\'a}n and Alvarez, Diana M and Rueda, Oscar A},
  journal={Climate Dynamics},
  volume={36},
  pages={2233--2249},
  year={2011},
  publisher={Springer}
}

@book{Edenhofer2015,
  title={Climate change 2014: mitigation of climate change},
  author={Edenhofer, Ottmar},
  volume={3},
  year={2015},
  publisher={Cambridge University Press}
}

@book{Oecd2014,
  title={Climate Resilience in Development Planning: Experiences in Colombia and Ethiopia},
  author={OECD},
  year={2014},
  publisher={OECD Publishing}
}

@article{Forte2018,
  title={Criteria and tools for determining drainage divide stability},
  author={Forte, Adam M and Whipple, Kelin X},
  journal={Earth and Planetary Science Letters},
  volume={493},
  pages={102--117},
  year={2018},
  publisher={Elsevier}
}


@article{Taboada2000,
  title={Geodynamics of the northern Andes: Subductions and intracontinental deformation (Colombia)},
  author={Taboada, Alfredo and Rivera, Luis A and Fuenzalida, Andr{\'e}s and Cisternas, Armando and Philip, Herv{\'e} and Bijwaard, Harmen and Olaya, Jos{\'e} and Rivera, Clara},
  journal={Tectonics},
  volume={19},
  number={5},
  pages={787--813},
  year={2000},
  publisher={Wiley Online Library}
}

@book{Anderson2011,
  title={Tectonic Geomorphology},
  author={Anderson, Robert S and Burbank, Douglas W},
  year={2011},
  publisher={John Wiley \& Sons}
}

@article{Jackson1996,
  title={The structural evolution of active fault and fold systems in central Otago, New Zealand: evidence revealed by drainage patterns},
  author={Jackson, James and Norris, Richard and Youngson, John},
  journal={Journal of Structural Geology},
  volume={18},
  number={2-3},
  pages={217--234},
  year={1996},
  publisher={Elsevier}
}

@book{Hack1957,
  title={Studies of longitudinal stream profiles in Virginia and Maryland},
  author={Hack, John Tilton},
  volume={294},
  year={1957},
  publisher={US Government Printing Office}
}

@article{Kirby2003,
  title={Distribution of active rock uplift along the eastern margin of the Tibetan Plateau: Inferences from bedrock channel longitudinal profiles},
  author={Kirby, Eric and Whipple, Kelin X and Tang, Wenqing and Chen, Zhiliang},
  journal={Journal of Geophysical Research: Solid Earth},
  volume={108},
  number={B4},
  year={2003},
  publisher={Wiley Online Library}
}

@article{Bigi2006,
   author = {Alessandro Bigi and Leslie E. Hasbargen and Alberto Montanari and Chris Paola},
   doi = {10.1130/2006.2398(18)},
   issn = {00721077},
   journal = {Special Paper of the Geological Society of America},
   keywords = {Evolution,Hillslope failure,Knickpoints,Landslide triggering},
   pages = {295-307},
   publisher = {Geological Society of America},
   title = {Knickpoints and hillslope failures: Interactions in a steady-state experimental landscape},
   volume = {398},
   year = {2006},
}

@article{Wegmann2011,
   author = {Sean F.Gallen Wegmann and Kurt L. Franke and Stephen Hughes and Robert Q. Lewis and Nathan Lyons and Paul Paris and Kristen Ross and Jennifer B. Bauer and Anne C. Witt},
   doi = {10.1002/esp.2150},
   issn = {01979337},
   issue = {9},
   journal = {Earth Surface Processes and Landforms},
   keywords = {Channel-Hillslope coupling,Knickpoint migration,Post-Orogenic landscape evolution,Southern appalachians,Transient phenomena},
   month = {7},
   pages = {1254-1267},
   title = {Hillslope response to knickpoint migration in the Southern Appalachians: Implications for the evolution of post-orogenic landscapes},
   volume = {36},
   year = {2011},
}

@article{Benda1997,
   author = {Lee Benda and Thomas Dunne},
   doi = {10.1029/97WR02388},
   issn = {00431397},
   issue = {12},
   journal = {Water Resources Research},
   pages = {2849-2863},
   publisher = {Blackwell Publishing Ltd},
   title = {Stochastic forcing of sediment supply to channel networks from landsliding and debris flow},
   volume = {33},
   year = {1997},
}

@article{Larsen2012,
   author = {Isaac J. Larsen and David R. Montgomery},
   doi = {10.1038/ngeo1479},
   issn = {17520894},
   issue = {7},
   journal = {Nature Geoscience},
   month = {7},
   pages = {468-473},
   title = {Landslide erosion coupled to tectonics and river incision},
   volume = {5},
   year = {2012},
}

@article{korup2010role,
  title={The role of landslides in mountain range evolution},
  author={Korup, Oliver and Densmore, Alexander L and Schlunegger, Fritz},
  journal={Geomorphology},
  volume={120},
  number={1-2},
  pages={77--90},
  year={2010},
  publisher={Elsevier}
}

@article{Montgomery2002,
   author = {David R Montgomery and Mark T Brandon},
   doi = {10.1016/S0012-821X(02)00725-2},
   issn = {0012821X},
   issue = {3-4},
   journal = {Earth and Planetary Science Letters},
   keywords = {Erosion,Mountains,Relief,Slopes,Tectonics},
   pages = {481-489},
   title = {Topographic controls on erosion rates in tectonically active mountain ranges},
   volume = {201},
   year = {2002},
}

@article{Egholm2013,
   author = {David L. Egholm and Mads F. Knudsen and Mike Sandiford},
   doi = {10.1038/nature12218},
   issn = {00280836},
   issue = {7455},
   journal = {Nature},
   pages = {475-478},
   title = {Lifespan of mountain ranges scaled by feedbacks between landsliding and erosion by rivers},
   volume = {498},
   year = {2013},
}

@article{Campforts2020,
   author = {Benjamin Campforts and Charles M Shobe and Philippe Steer and Matthias Vanmaercke and Dimitri Lague},
   pages = {3863-3886},
   title = {HyLands 1 . 0 : a hybrid landscape evolution model to simulate the impact of landslides and landslide-derived sediment on landscape evolution},
   year = {2020},
}

@article{Campforts2022,
   author = {Benjamin Campforts and Charles M. Shobe and Irina Overeem and Gregory E. Tucker},
   doi = {10.1029/2022JF006745},
   issn = {2169-9003},
   issue = {8},
   journal = {Journal of Geophysical Research: Earth Surface},
   month = {8},
   title = {The Art of Landslides: How Stochastic Mass Wasting Shapes Topography and Influences Landscape Dynamics},
   volume = {127},
   url = {https://onlinelibrary.wiley.com/doi/10.1029/2022JF006745},
   year = {2022},
}

@article{Broeckx2020,
   author = {Jente Broeckx and Mauro Rossi and Kobe Lijnen and Benjamin Campforts and Jean Poesen and Matthias Vanmaercke},
   doi = {10.1016/j.earscirev.2019.102972},
   issn = {00128252},
   journal = {Earth-Science Reviews},
   keywords = {Empirical model,Global dataset,Landslide mobilization,Lithology,Local relief,Mass movement,Sediment yield,Seismicity},
   month = {2},
   publisher = {Elsevier B.V.},
   title = {Landslide mobilization rates: A global analysis and model},
   volume = {201},
   year = {2020},
}


@article{Whipple2002,
   author = {Kelin X. Whipple},
   doi = {10.1029/2000jb000044},
   issn = {0148-0227},
   issue = {B2},
   journal = {Journal of Geophysical Research},
   keywords = {http://dx.doi.org/10.1029/2000JB000044, doi:10.102},
   title = {Implications of sediment-flux-dependent river incision models for landscape evolution},
   volume = {107},
   year = {2002},
}

@article{Gasparini2007,
   author = {Nicole M. Gasparini and K. X. Whipple and R. L. Bras},
   doi = {10.1029/2006JF000567},
   issn = {21699011},
   issue = {3},
   journal = {Journal of Geophysical Research: Earth Surface},
   month = {9},
   publisher = {Blackwell Publishing Ltd},
   title = {Predictions of steady state and transient landscape morphology using sediment-flux-dependent river incision models},
   volume = {112},
   year = {2007},
}

@article{Hergarten2021,
   author = {Stefan Hergarten},
   doi = {10.1029/2021JF006218},
   issn = {21699011},
   issue = {12},
   journal = {Journal of Geophysical Research: Earth Surface},
   keywords = {knickpoint,river profile,sediment transport},
   month = {12},
   publisher = {John Wiley and Sons Inc},
   title = {The Influence of Sediment Transport on Stationary and Mobile Knickpoints in River Profiles},
   volume = {126},
   year = {2021},
}

@article{Noriega2020,
   author = {S. Noriega-Londoño and S. A. Restrepo-Moreno and C. Vinasco and M. A. Bermúdez and K. Min},
   doi = {10.1016/j.geomorph.2019.106890},
   issn = {0169555X},
   journal = {Geomorphology},
   keywords = {Antioqueño,Cauca River canyon,Espíritu,Exhumation,Landscape evolution,Plateau,Santo fault,Thermochronology},
   title = {Thermochronologic and geomorphometric constraints on the Cenozoic landscape evolution of the Northern Andes: Northwestern Central Cordillera, Colombia},
   volume = {351},
   year = {2020},
}

@article{cardona2012arc,
  title={From arc-continent collision to continuous convergence, clues from Paleogene conglomerates along the southern Caribbean--South America plate boundary},
  author={Cardona, A and Montes, C and Ayala, C and Bustamante, C and Hoyos, N and Montenegro, O and Ojeda, C and Ni{\~n}o, H and Ramirez, V and Valencia, V and others},
  journal={Tectonophysics},
  volume={580},
  pages={58--87},
  year={2012},
  publisher={Elsevier}
}

@article{Kirby2012,
   author = {Eric Kirby and Kelin X. Whipple},
   doi = {10.1016/j.jsg.2012.07.009},
   issn = {01918141},
   journal = {Journal of Structural Geology},
   keywords = {Active tectonics,Neotectonics,River profiles,Tectonic geomorphology},
   pages = {54-75},
   publisher = {Elsevier Ltd},
   title = {Expression of active tectonics in erosional landscapes},
   volume = {44},
   url = {http://dx.doi.org/10.1016/j.jsg.2012.07.009},
   year = {2012},
}

@article{Schwanghart_2014,
title = {{TopoToolbox} 2 – {MATLAB}-based software for topographic analysis and modeling in {Earth} surface sciences},
volume = {2},
doi = {10.5194/esurf-2-1-2014},
journal = {Earth Surface Dynamics},
author = {Schwanghart, W. and Scherler, D.},
year = {2014},
pages = {1--7}
}

@article{brabb1984innovative,
  title={Innovative approaches to landslide hazard and risk mapping.},
  author={Brabb, Earl E},
  year={1984}
}

@article{corominas2014recommendations,
  title={Recommendations for the quantitative analysis of landslide risk},
  author={Corominas, Jordi and van Westen, Cees and Frattini, Paolo and Cascini, Leonardo and Malet, J-P and Fotopoulou, Stavroula and Catani, Filippo and Van Den Eeckhaut, M and Mavrouli, Olga and Agliardi, Federico and others},
  journal={Bulletin of engineering geology and the environment},
  volume={73},
  pages={209--263},
  year={2014},
  publisher={Springer}
}

@article{fell2008guidelines,
  title={Guidelines for landslide susceptibility, hazard and risk zoning for land use planning},
  author={Fell, Robin and Corominas, Jordi and Bonnard, Christophe and Cascini, Leonardo and Leroi, Eric and Savage, William Z and others},
  journal={Engineering geology},
  volume={102},
  number={3-4},
  pages={85--98},
  year={2008},
  publisher={Elsevier}
}

@book{schabenberger2001contemporary,
  title={Contemporary statistical models for the plant and soil sciences},
  author={Schabenberger, Oliver and Pierce, Francis J},
  year={2001},
  publisher={CRC press}
}

@article{halleck2017regional,
  title={Regional labour force participation across the European Union: a time--space recursive modelling approach with endogenous regressors},
  author={Halleck Vega, Solmaria and Elhorst, J Paul},
  journal={Spatial Economic Analysis},
  volume={12},
  number={2-3},
  pages={138--160},
  year={2017},
  publisher={Taylor \& Francis}
}

@article{halleck2015slx,
  title={The SLX model},
  author={Halleck Vega, Solmaria and Elhorst, J Paul},
  journal={Journal of Regional Science},
  volume={55},
  number={3},
  pages={339--363},
  year={2015},
  publisher={Wiley Online Library}
}

@article{lesage2014spatial,
  title={Spatial econometric panel data model specification: A Bayesian approach},
  author={LeSage, James P},
  journal={Spatial statistics},
  volume={9},
  pages={122--145},
  year={2014},
  publisher={Elsevier}
}

@article{brunsdon1996geographically,
  title={Geographically weighted regression: a method for exploring spatial nonstationarity},
  author={Brunsdon, Chris and Fotheringham, A Stewart and Charlton, Martin E},
  journal={Geographical analysis},
  volume={28},
  number={4},
  pages={281--298},
  year={1996},
  publisher={Wiley Online Library}
}

  @Article{bivand2022,
    author = {{Roger Bivand}},
    title = {R Packages for Analyzing Spatial Data: A Comparative Case
      Study with Areal Data},
    journal = {Geographical Analysis},
    year = {2022},
    volume = {54},
    number = {3},
    pages = {488-518},
    doi = {10.1111/gean.12319},
  }

@Article{pysal2007,
  author={Rey, Sergio J. and Anselin, Luc},
  title={{PySAL: A Python Library of Spatial Analytical Methods}},
  journal={The Review of Regional Studies},
  year=2007,
  volume={37},
  number={1},
  pages={5-27},
  keywords={Open Source; Software; Spatial}
}

@Article{mgwr2019,
  author={Oshan, T. M. and Li, Z., Kang and W., Wolf and L. J. and Fotheringham, A. S.},
  title={{mgwr: A Python implementation of multiscale geographically weighted regression for investigating process spatial heterogeneity and scale.}},
  journal={ISPRS International Journal of Geo-Information},
  year=2019,
  volume={8},
  number={6},
  pages={269},
  keywords={Open Source; Software; Spatial}
}

@article{oshan2019mgwr,
  title={mgwr: A Python implementation of multiscale geographically weighted regression for investigating process spatial heterogeneity and scale},
  author={Oshan, Taylor M and Li, Ziqi and Kang, Wei and Wolf, Levi J and Fotheringham, A Stewart},
  journal={ISPRS International Journal of Geo-Information},
  volume={8},
  number={6},
  pages={269},
  year={2019},
  publisher={MDPI}
}

@book{cressie2015statistics,
  title={Statistics for spatial data},
  author={Cressie, Noel},
  year={2015},
  publisher={John Wiley \& Sons}
}

@article{ver2018spatial,
  title={Spatial autoregressive models for statistical inference from ecological data},
  author={Ver Hoef, Jay M and Peterson, Erin E and Hooten, Mevin B and Hanks, Ephraim M and Fortin, Marie-Jos{\`e}e},
  journal={Ecological Monographs},
  volume={88},
  number={1},
  pages={36--59},
  year={2018},
  publisher={Wiley Online Library}
}

@article{math9111276,
AUTHOR = {Bivand, Roger and Millo, Giovanni and Piras, Gianfranco},
TITLE = {A Review of Software for Spatial Econometrics in R},
JOURNAL = {Mathematics},
VOLUME = {9},
YEAR = {2021},
NUMBER = {11},
ARTICLE-NUMBER = {1276},
URL = {https://www.mdpi.com/2227-7390/9/11/1276},
ISSN = {2227-7390},
DOI = {10.3390/math9111276}
}

@article{kelejian2007relative,
  title={The relative efficiencies of various predictors in spatial econometric models containing spatial lags},
  author={Kelejian, Harry H and Prucha, Ingmar R},
  journal={Regional Science and Urban Economics},
  volume={37},
  number={3},
  pages={363--374},
  year={2007},
  publisher={Elsevier}
}

@article{cliff1981spatial,
  title={Spatial processes: models \& applications},
  author={Cliff, Andrew David and Ord, J Keith},
  journal={(No Title)},
  year={1981}
}

@article{anselin1996simple,
  title={Simple diagnostic tests for spatial dependence},
  author={Anselin, Luc and Bera, Anil K and Florax, Raymond and Yoon, Mann J},
  journal={Regional science and urban economics},
  volume={26},
  number={1},
  pages={77--104},
  year={1996},
  publisher={Elsevier}
}

@book{lesage2009introduction,
  title={Introduction to spatial econometrics},
  author={LeSage, James and Pace, Robert Kelley},
  year={2009},
  publisher={Chapman and Hall/CRC}
}

@book{ripley1988statistical,
  title={Statistical inference for spatial processes},
  author={Ripley, Brian D},
  year={1988},
  publisher={Cambridge university press}
}

@article{reichenbach2018,
  title={A review of statistically-based landslide susceptibility models},
  author={Reichenbach, Paola and Rossi, Mauro and Malamud, Bruce D and Mihir, Monika and Guzzetti, Fausto},
  journal={Earth-science reviews},
  volume={180},
  pages={60--91},
  year={2018},
  publisher={Elsevier}
}

@article{soeters1996,
  title={Slope instability recognition, analysis and zonation},
  author={Soeters, Robert and Van Westen, CJ},
  journal={Landslides: investigation and mitigation},
  volume={247},
  pages={129--177},
  year={1996},
  publisher={National Academy Press Washington, DC}
}

@article{montgomery1994,
  title={A physically based model for the topographic control on shallow landsliding},
  author={David R Montgomery and William E Dietrich},
  journal={Water resources research},
  volume={30},
  number={4},
  pages={1153--1171},
  year={1994},
  publisher={Wiley Online Library}
}

@article{elhorst2013spatial,
  title={On spatial econometric models, spillover effects, and W},
  author={Elhorst, Paul and Vega, Solmaria Halleck},
  year={2013},
  publisher={Louvain-la-Neuve: European Regional Science Association (ERSA)}
}

@article{xiao2021reducing,
  title={Reducing local correlations among causal factor classifications as a strategy to improve landslide susceptibility mapping},
  author={Xiao, Ting and Yu, Lanbing and Tian, Weiming and Zhou, Chang and Wang, Luqi},
  journal={Frontiers in Earth Science},
  volume={9},
  pages={781674},
  year={2021},
  publisher={Frontiers}
}

@article{zhang2023mapping,
  title={Mapping the spatial heterogeneity of global land use and land cover from 2020 to 2100 at a 1 km resolution},
  author={Zhang, Tianyuan and Cheng, Changxiu and Wu, Xudong},
  journal={Scientific Data},
  volume={10},
  number={1},
  pages={748},
  year={2023},
  publisher={Nature Publishing Group UK London}
}

@article{wang2022statistics,
  title={Statistics for Spatially Stratified Heterogeneous Data},
  author={Wang, Jinfeng and Haining, Robert and Zhang, Tonglin and Xu, Chengdong and Hu, Maogui},
  journal={arXiv preprint arXiv:2211.16918},
  year={2022}
}

@article{fletcher2018spatial,
  title={Spatial dependence and autocorrelation},
  author={Fletcher, Robert and Fortin, Marie-Jos{\'e}e and Fletcher, Robert and Fortin, Marie-Jos{\'e}e},
  journal={Spatial ecology and conservation modeling: applications with R},
  pages={133--168},
  year={2018},
  publisher={Springer}
}

@article{wickham2008applied,
  title={Applied spatial data analysis with r},
  author={Wickham, H},
  journal={Applied Spatial Data Analysis with R},
  year={2008},
  publisher={Springer}
}

@article{quevedo2022consideration,
  title={Consideration of spatial heterogeneity in landslide susceptibility mapping using geographical random forest model},
  author={Quevedo, Renata Pacheco and Maciel, Daniel Andrade and Uehara, Tatiana Dias Tardelli and Vojtek, Matej and Renno, Camilo Daleles and Pradhan, Biswajeet and Vojtekova, Jana and Pham, Quoc Bao},
  journal={Geocarto International},
  volume={37},
  number={25},
  pages={8190--8213},
  year={2022},
  publisher={Taylor \& Francis}
}

@article{lombardo2020space,
  title={Space-time landslide predictive modelling},
  author={Lombardo, Luigi and Opitz, Thomas and Ardizzone, Francesca and Guzzetti, Fausto and Huser, Rapha{\"e}l},
  journal={Earth-Science Reviews},
  volume={209},
  pages={103318},
  year={2020},
  publisher={Elsevier}
}

@book{rey2023geographic,
  title={Geographic data science with python},
  author={Rey, Sergio and Arribas-Bel, Dani and Wolf, Levi John},
  year={2023},
  publisher={Chapman and Hall/CRC}
}

@article{li2022consequences,
  title={Consequences of ignoring dependent error components and heterogeneity in a stochastic frontier model: an application to rice producers in northern Thailand},
  author={Li, Kexin and Liu, Jianxu and Xue, Yuting and Rahman, Sanzidur and Sriboonchitta, Songsak},
  journal={Agriculture},
  volume={12},
  number={8},
  pages={1078},
  year={2022},
  publisher={MDPI}
}

@article{anselin1990spatial,
  title={Spatial dependence and spatial structural instability in applied regression analysis},
  author={Anselin, Luc},
  journal={Journal of Regional science},
  volume={30},
  number={2},
  pages={185--207},
  year={1990},
  publisher={Wiley Online Library}
}

@book{fotheringham2000quantitative,
  title={Quantitative geography: perspectives on spatial data analysis},
  author={Fotheringham, A Stewart and Brunsdon, Chris and Charlton, Martin},
  year={2000},
  publisher={Sage}
}

@book{schabenberger2017statistical,
  title={Statistical methods for spatial data analysis},
  author={Schabenberger, Oliver and Gotway, Carol A},
  year={2017},
  publisher={Chapman and Hall/CRC}
}

@article{wall2004close,
  title={A close look at the spatial structure implied by the CAR and SAR models},
  author={Wall, Melanie M},
  journal={Journal of statistical planning and inference},
  volume={121},
  number={2},
  pages={311--324},
  year={2004},
  publisher={Elsevier}
}

@book{rue2005gaussian,
  title={Gaussian Markov random fields: theory and applications},
  author={Rue, Havard and Held, Leonhard},
  year={2005},
  publisher={Chapman and Hall/CRC}
}

@article{ver2018spatial,
  title={Spatial autoregressive models for statistical inference from ecological data},
  author={Ver Hoef, Jay M and Peterson, Erin E and Hooten, Mevin B and Hanks, Ephraim M and Fortin, Marie-Jos{\`e}e},
  journal={Ecological Monographs},
  volume={88},
  number={1},
  pages={36--59},
  year={2018},
  publisher={Wiley Online Library}
}

@article{jaya2021spatial,
  title={Spatial Autoregressive in Ecological Studies: A Comparison of the SAR and CAR Models.},
  author={Jaya, IGNM and Chadidjah, A},
  journal={Engineering Letters},
  volume={29},
  number={1},
  year={2021}
}

@article{fotheringham2009geographically,
  title={Geographically weighted regression},
  author={Fotheringham, A Stewart and Brunsdon, Chris and Charlton, ME},
  journal={The Sage handbook of spatial analysis},
  volume={1},
  pages={243--254},
  year={2009},
  publisher={Sage Thousand Oaks, CA}
}

@article{brunsdon1996geographically,
  title={Geographically weighted regression: a method for exploring spatial nonstationarity},
  author={Brunsdon, Chris and Fotheringham, A Stewart and Charlton, Martin E},
  journal={Geographical analysis},
  volume={28},
  number={4},
  pages={281--298},
  year={1996},
  publisher={Wiley Online Library}
}

@article{piras2023heterogeneous,
  title={Heterogeneous spatial models in R: spatial regimes models},
  author={Piras, Gianfranco and Sarrias, Mauricio},
  journal={Journal of Spatial Econometrics},
  volume={4},
  number={1},
  pages={4},
  year={2023},
  publisher={Springer}
}

@article{arbia2016spatial,
  title={Spatial econometrics: A rapidly evolving discipline},
  author={Arbia, Giuseppe},
  journal={Econometrics},
  volume={4},
  number={1},
  pages={18},
  year={2016},
  publisher={MDPI}
}

@article{elhorst2010applied,
  title={Applied spatial econometrics: raising the bar},
  author={Elhorst, J Paul},
  journal={Spatial economic analysis},
  volume={5},
  number={1},
  pages={9--28},
  year={2010},
  publisher={Taylor \& Francis}
}

@article{elhorst2022dynamic,
  title={The dynamic general nesting spatial econometric model for spatial panels with common factors: Further raising the bar},
  author={Elhorst, J Paul},
  journal={Review of Regional Research},
  volume={42},
  number={3},
  pages={249--267},
  year={2022},
  publisher={Springer}
}

@article{anselin2022spatial,
  title={Spatial econometrics},
  author={Anselin, Luc},
  journal={Handbook of spatial analysis in the social sciences},
  pages={101--122},
  year={2022},
  publisher={Edward Elgar Publishing}
}

@book{fischer2011spatial,
  title={Spatial data analysis: models, methods and techniques},
  author={Fischer, Manfred M and Wang, Jinfeng},
  year={2011},
  publisher={Springer Science \& Business Media}
}

@book{fotheringham2000quantitative,
  title={Quantitative geography: perspectives on spatial data analysis},
  author={Fotheringham, A Stewart and Brunsdon, Chris and Charlton, Martin},
  year={2000},
  publisher={Sage}
}

@article{kyriazos2023dealing,
  title={Dealing with multicollinearity in factor analysis: the problem, detections, and solutions},
  author={Kyriazos, Theodoros and Poga, Mary},
  journal={Open Journal of Statistics},
  volume={13},
  number={3},
  pages={404--424},
  year={2023},
  publisher={Scientific Research Publishing}
}

@article{getis2009spatial,
  title={Spatial weights matrices},
  author={Getis, Arthur},
  journal={Geographical Analysis},
  volume={41},
  number={4},
  pages={404--410},
  year={2009},
  publisher={Wiley Online Library}
}

@article{stakhovych2009specification,
  title={Specification of spatial models: A simulation study on weights matrices},
  author={Stakhovych, Stanislav and Bijmolt, Tammo HA},
  journal={Papers in Regional Science},
  volume={88},
  number={2},
  pages={389--409},
  year={2009},
  publisher={Elsevier}
}

@article{lesage2011pitfalls,
  title={Pitfalls in higher order model extensions of basic spatial regression methodology},
  author={LeSage, James P and Pace, Robert Kelley},
  journal={Review of Regional Studies},
  volume={41},
  number={1},
  pages={13--26},
  year={2011}
}